@IEEETRANBSTCTL{IEEEexample:BSTcontrol,
  ctluse_forced_etal = {no},
  ctldash_repeated_names = {no},
  ctluse_url = {yes},
}


@book{lathi,
  title = {Linear Systems and Signals},
  author = {B.P. Lathi},
  year = {2010},
  edition = {2},
  publisher = {New York, NY, Oxford University Press Inc.}
}

@book{ebn,
  title = {Fundamentals of Electric Circuits},
  author = {Charles Alexander & Matthew Sadiku},
  year = {2021},
  edition = {7},
  publisher = {New York, NY, McGraw-Hill Education}
}
@misc{ti2025homepage,
    title = {Analog | Embedded processing | Semiconductor company},
    author = {{Texas Instruments Incorporated}},
    howpublished = {\url{https://www.ti.com/}},
    note = {Accessed: Sep. 5, 2025},
    year = {2025}
}