@IEEETRANBSTCTL{IEEEexample:BSTcontrol,
  ctluse_forced_etal = {no},
  ctldash_repeated_names = {no},
  ctluse_url = {yes},
}

@book{lathi,
  title = {Linear Systems and Signals},
  author = {B.P. Lathi},
  year = {2010},
  edition = {2},
  publisher = {New York, NY, Oxford University Press Inc.}
}

@book{carlson,
  title = {Signal and Linear Systems Analysis},
  author = {C.E. Carlson,},
  year = {1998},
  edition = {2},
  publisher = {John Wiley & Sons Inc.}
}


@electronic{butterworth,
    author = {{Electronics Tutorials}},
    title = {Butterworth Filter Design},
    url = {https://www.electronics-tutorials.ws/filter/filter_8.html},
    year = {2023},
    urldate = {2023-09-15}
}

@electronic{sallenkey,
    author = {{Electronics Tutorials}},
    title = {Sallen and Key Filter},
    url = {https://www.electronics-tutorials.ws/filter/sallen-key-filter.html},
    year = {2023},
    urldate = {2023-09-15}
}

@article{chebyshev_butterworth_comparison,
    author = {Zhou, Yuxuan and Li, Wei and Zhang, Hao},
    title = {Chebyshev Filter and Butterworth Filters: Comparison and Applications in Different Cases},
    journal = {ResearchGate},
    year = {2024},
    month = {Feb.},
    url = {https://www.researchgate.net/publication/378435601_Chebyshev_filter_and_Butterworth_filters_Comparison_and_applications_in_different_cases},
    urldate = {2024-09-15}
}

@book{lancaster1996active,
  title={Active Filter Cookbook},
  author={Lancaster, Don},
  year={1996},
  publisher={Newnes},
  address={Boston, MA},
  isbn={0-7506-9829-4},
  edition={2nd}
}