@IEEETRANBSTCTL{IEEEexample:BSTcontrol,
  ctluse_forced_etal = {no},
  ctldash_repeated_names = {no},
  ctluse_url = {yes},
}

@ARTICLE{SamuelduPlessis_sei_access,
  author = {J. N. Samuel and W. P. du~Plessis},
  title = {Specific Emitter Identification for Enhanced Access Control Security},
  journal = {SAIEE Africa Res. J. (ARJ)},
  year = {2017},
  volume = {108},
  pages = {71-79},
  number = {2},
  month = {Jun.},
  issn = {1991-1696},
  url = {https://www.saiee.org.za/DirectoryDisplay/AfricaResearchJournalArticle.aspx?ArjJournalListingId=8599#paper8602},
}

@book{eli,
  title={Linear Systems and Signals},
  author={Lathi, B. P.},
  year={2010},
  edition={2},
  publisher={198 Madison Avenue, New York, New York: Oxford University Press},
}

@MANUAL{duPlessis_pracx_data,
  title = {{EAI~320} -- Practical X Data},
  author = {Warren Paul du~Plessis},
  organization = {University of Pretoria},
  month = {3 Feb.},
  year = {2019},
}




